@Book{arpachiDusseau18:osbook,
  author =       {Arpaci-Dusseau, Remzi H. and Arpaci-Dusseau Andrea C.},
  title =        {Operating Systems: Three Easy Pieces},
  publisher =    {Arpaci-Dusseau Books, LLC},
  year =         2015,
  edition =      {1.00},
  note =         {  {http://pages.cs.wisc.edu/~remzi/OSTEP/}}
}
@InProceedings{waldspurger02,
  author =       {Waldspurger, Carl A.},
  title =        {Memory resource management in {VMware ESX} server},
  booktitle =    {USENIX Symposium on Operating System Design and
                  Implementation (OSDI)},
  year =         2002,
  pages =        {181--194},
  note =         {  {https://www.usenix.org/legacy/event/osdi02/tech/waldspurger/waldspurger.pdf}}}
  
@inproceedings{blum2010lexical,
  title={Lexical feature based phishing URL detection using online learning},
  author={Blum, Aaron and Wardman, Brad and Solorio, Thamar and Warner, Gary},
  booktitle={Proceedings of the 3rd ACM Workshop on Artificial Intelligence and Security},
  pages={54--60},
  year={2010}
}

@inproceedings{le2011phishdef,
  title={Phishdef: Url names say it all},
  author={Le, Anh and Markopoulou, Athina and Faloutsos, Michalis},
  booktitle={2011 Proceedings IEEE INFOCOM},
  pages={191--195},
  year={2011},
  organization={IEEE}
}

@article{khonji2012enhancing,
  title={Enhancing phishing e-mail classifiers: A lexical url analysis approach},
  author={Khonji, Mahmoud and Iraqi, Youssef and Jones, Andrew},
  journal={International Journal for Information Security Research (IJISR)},
  volume={2},
  number={1/2},
  pages={40},
  year={2012}
}

@inproceedings{feroz2015phishing,
  title={Phishing URL detection using URL ranking},
  author={Feroz, Mohammed Nazim and Mengel, Susan},
  booktitle={2015 ieee international congress on big data},
  pages={635--638},
  year={2015},
  organization={IEEE}
}

@inproceedings{zhang2007cantina,
  title={Cantina: a content-based approach to detecting phishing web sites},
  author={Zhang, Yue and Hong, Jason I and Cranor, Lorrie F},
  booktitle={Proceedings of the 16th international conference on World Wide Web},
  pages={639--648},
  year={2007}
}

@inproceedings{dunlop2010goldphish,
  title={Goldphish: Using images for content-based phishing analysis},
  author={Dunlop, Matthew and Groat, Stephen and Shelly, David},
  booktitle={2010 Fifth international conference on internet monitoring and protection},
  pages={123--128},
  year={2010},
  organization={IEEE}
}

@article{zhang2011textual,
  title={Textual and visual content-based anti-phishing: a Bayesian approach},
  author={Zhang, Haijun and Liu, Gang and Chow, Tommy WS and Liu, Wenyin},
  journal={IEEE transactions on neural networks},
  volume={22},
  number={10},
  pages={1532--1546},
  year={2011},
  publisher={IEEE}
}

@article{whittaker2010large,
  title={Large-scale automatic classification of phishing pages},
  author={Whittaker, Colin and Ryner, Brian and Nazif, Marria},
  year={2010}
}

@inproceedings{oest2020sunrise,
  title={Sunrise to Sunset: Analyzing the End-to-end Life Cycle and Effectiveness of Phishing Attacks at Scale},
  author={Oest, Adam and Zhang, Penghui and Wardman, Brad and Nunes, Eric and Burgis, Jakub and Zand, Ali and Thomas, Kurt and Doup{\'e}, Adam and Ahn, Gail-Joon},
  booktitle={29th $\{$USENIX$\}$ Security Symposium ($\{$USENIX$\}$ Security 20)},
  year={2020}
}

@inproceedings{oest2020phishtime,
  title={PhishTime: Continuous longitudinal measurement of the effectiveness of anti-phishing blacklists},
  author={Oest, Adam and Safaei, Yeganeh and Zhang, Penghui and Wardman, Brad and Tyers, Kevin and Shoshitaishvili, Yan and Doup{\'e}, Adam},
  booktitle={29th $\{$USENIX$\}$ Security Symposium ($\{$USENIX$\}$ Security 20)},
  pages={379--396},
  year={2020}
}

@inproceedings{oest2019phishfarm,
  title={PhishFarm: A Scalable Framework for Measuring the Effectiveness of Evasion Techniques Against Browser Phishing Blacklists},
  author={Oest, Adam and Safaei, Yeganeh and Doup{\'e}, Adam and Ahn, Gail-Joon and Wardman, Brad and Tyers, Kevin},
	booktitle = POT # { 40th } # SP,
	month     = May,
	year      = 2019,
	address   = {Oakland, CA},
	pages     = {764-781}
}

@inproceedings{oest2018inside,
  title={Inside a phisher's mind: Understanding the anti-phishing ecosystem through phishing kit analysis},
  author={Oest, Adam and Safaei, Yeganeh and Doup{\'e}, Adam and Ahn, Gail-Joon and Wardman, Brad and Warner, Gary},
  booktitle={2018 APWG Symposium on Electronic Crime Research (eCrime)},
  pages={1--12},
  year={2018},
  organization={IEEE}
}

@inproceedings{wang2011cloak,
  title={Cloak and dagger: dynamics of web search cloaking},
  author={Wang, David Y and Savage, Stefan and Voelker, Geoffrey M},
  booktitle={Proceedings of the 18th ACM conference on Computer and communications security},
  pages={477--490},
  year={2011}
}

@inproceedings{invernizzi2016cloak,
  title={Cloak of visibility: Detecting when machines browse a different web},
  author={Invernizzi, Luca and Thomas, Kurt and Kapravelos, Alexandros and Comanescu, Oxana and Picod, Jean-Michel and Bursztein, Elie},
  booktitle={2016 IEEE Symposium on Security and Privacy (SP)},
  pages={743--758},
  year={2016},
  organization={IEEE}
}

@inproceedings{zhang2021crawlphish,
	title        = {{CrawlPhish: Large-scale Analysis of Client-side Cloaking Techniques in Phishing}},
	author       = {Zhang, Penghui and Oest, Adam and Cho, Haehyun and Sun, Zhibo and Johnson, RC and Wardman, Brad and Sarker, Shaown and Kpravelos, Alexandros and Bao, Tiffany and Wang, Ruoyu and Shoshitaishvili, Yan and Doup{\'e}, Adam and Ahn, Gail-Joon},
	booktitle    = {Proceedings of the 42nd IEEE Symposium on Security and Privacy (Oakland)},
	month        = May,
	year         = 2021,
	address      = {San Francisco, CA},
}


@string{POT       = {Proceedings of the }}

@string{SP        = { IEEE Symposium on Security and Privacy (Oakland)}}
@string{SEC       = { USENIX Security Symposium (Security)}}
@string{CCS       = { ACM Conference on Computer and Communications Security (CCS)}}
@string{NDSS      = { Annual Network and Distributed System Security Symposium (NDSS)}}
@string{RAID      = { International Symposium on Research in Attacks, Intrusions and Defenses (RAID)}}
@string{ESORICS   = { European Symposium on Research in Computer Security (ESORICS)}}
@string{ACSAC     = { Annual Computer Security Applications Conference (ACSAC)}}
@string{DSN       = { International Conference on Dependable Systems and Networks (DSN)}}
@string{WOOT      = { USENIX Workshop on Offensive Technologies (WOOT)}}
@string{DIMVA     = { Conference on Detection of Intrusions and Malware and Vulnerability Assessment (DIMVA)}}
@string{ASIACCS   = { ACM Symposium on Information, Computer and Communications Security (ASIACCS)}}
@string{BLACKHAT  = { Black Hat USA Briefings (Black Hat USA)}}
@string{SDNNFVSEC = { ACM International Workshop on Security in SDN and NFV}}
@string{WUSEC     = { Workshop on Usable Security (USEC)}}
@string{ISC       = { Information Security Conference (ISC)}}
@string{SOUPS     = { ACM Symposium on Usable Privacy and Security (SOUPS)}}
@string{TISSEC    = { ACM Transactions on Information and System Security}}

@string{SOSP      = { ACM Symposium on Operating Systems Principles (SOSP)}}
@string{OSDI      = { USENIX Symposium on Operating Systems Design and Implementation (OSDI)}}
@string{ATC       = { USENIX Annual Technical Conference (ATC)}}
@string{EUROSYS   = { European Conference on Computer Systems (EuroSys)}}
@string{FAST      = { USENIX Conference on File and Storage Technologies (FAST)}}
@string{MOBISYS   = { ACM International Conference on Mobile Computing Systems (MobiSys)}}
@string{SOCC      = { ACM Symposium on Cloud Computing (SoCC)}}
@string{APSYS     = { Asia-Pacific Workshop on Systems (APSys)}}
@string{PODC      = { ACM SIGACT-SIGOPS Symposium on Principles of Distributed Computing (PODC)}}
@string{HOTOS     = { USENIX Workshop on Hot Topics in Operating Systems (HotOS)}}
@string{HOTPOWER  = { Workshop on Power-Aware Computing and Systems (HotPower)}}
@string{ICDCS     = { International Conference on Distributed Computing Systems (ICDCS)}}
@string{SC        = { International Conference for High Performance Computing, Networking, Storage and Analysis (SC)}}
@string{TACAS     = { International Conference on Tools and Algorithms for the Construction and Analysis of Systems (TACAS)}}
@string{TOCS      = { ACM Transactions on Computer Systems}}
@string{OSR       = { ACM SIGOPS Operating System Review}}
@string{OLS       = { Linux Symposium }}

%% In Proceedings
%% Oakland

@article{provos2007ghost,
  title={The Ghost in the Browser: Analysis of Web-based Malware.},
  author={Provos, Niels and McNamee, Dean and Mavrommatis, Panayiotis and Wang, Ke and Modadugu, Nagendra and others},
  journal={HotBots},
  volume={7},
  pages={4--4},
  year={2007}
}


@inproceedings{arbaugh1997secure,
	author    = {Arbaugh, William A and Farber, David J and Smith, Jonathan M},
	title     = {{A secure and reliable bootstrap architecture}},
	booktitle = POT # { 18th } # SP,
	month     = may,
	year      = 1997,
	address   = {Oakland, CA},
	pages     = {65--71}
}

@inproceedings{gullasch2011cache,
	author    = {Gullasch, David and Bangerter, Endre and Krenn, Stephan},
	title     = {{Cache games--bringing access-based cache attacks on AES to practice}},
	booktitle = POT # { 32nd } # SP,
	month     = may,
	year      = 2011,
	address   = {Oakland, CA},
	pages     = {490--505}
}

@inproceedings{zhang2011HCD,
	author    = {Zhang, Yinqian and Juels, Ari and Oprea, Alina and Reiter, Michael K.},
	title     = {{HomeAlone: Co-residency Detection in the Cloud via Side-Channel Analysis}},
	booktitle = POT # { 32nd } # SP,
	month     = may,
	year      = 2011,
	address   = {Oakland, CA},
	pages = {313--328}
}

@inproceedings{szekeres2014eternal,
	author    = {Szekeres, Laszlo and Payer, Mathias and Wei, Tao and Song, Dawn},
	title     = {{Sok: Eternal war in memory}},
	booktitle = POT # {} # SP,
	month     = may,
	year      = 2013,
	address   = {San Francisco, CA},
	pages     = {48--62}
}

@inproceedings{liu2015last,
	title     = {{Last-level cache side-channel attacks are practical}},
	author    = {Liu, Fangfei and Yarom, Yuval and Ge, Qian and Heiser, Gernot and Lee, Ruby B},
	booktitle = POT # { 36th } # SP,
	month     = may,
	year      = 2015,
	address   = {San Jose, CA},
	pages     = {605--622}
}

@inproceedings{ho2019detecting,
  title={Detecting and characterizing lateral phishing at scale},
  author={Ho, Grant and Cidon, Asaf and Gavish, Lior and Schweighauser, Marco and Paxson, Vern and Savage, Stefan and Voelker, Geoffrey M and Wagner, David},
  booktitle={28th {USENIX} Security Symposium},
  pages={1273--1290},
  year={2019}
}


@inproceedings{van2019cognitive,
  title={Cognitive triaging of phishing attacks},
  author={Van Der Heijden, Amber and Allodi, Luca},
  booktitle={28th {USENIX} Security Symposium},
  pages={1309--1326},
  year={2019}
}


@inproceedings{irazoqui2015shared,
	title     = {{S \$ A: A shared cache attack that works across cores and defies VM sandboxing-and its application to AES}},
	author    = {Irazoqui, Gorka and Eisenbarth, Thomas and Sunar, Berk},
	booktitle = POT # { 36th } # SP,
	month     = may,
	year      = 2015,
	address   = {San Jose, CA},
	pages     = {591--604}
}


@inproceedings{guanciale2016cache,
	title     = {{Cache storage channels: Alias-driven attacks and verified countermeasures}},
	author    = {Guanciale, Roberto and Nemati, Hamed and Baumann, Christoph and Dam, Mads},
	booktitle = POT # { 37th } # SP,
	month     = may,
	year      = 2016,
	address   = {San Jose, CA},
	pages     = {38--55}
}

%% Security

@inproceedings{kapravelos2013revolver,
  title={Revolver: An automated approach to the detection of evasive web-based malware},
  author={Kapravelos, Alexandros and Shoshitaishvili, Yan and Cova, Marco and Kruegel, Christopher and Vigna, Giovanni},
  booktitle={Presented as part of the 22nd USENIX Security Symposium},
  pages={637--652},
  year={2013}
}

@article{cova2008there,
  title={There Is No Free Phish: An Analysis of "Free" and Live Phishing Kits.},
  author={Cova, Marco and Kruegel, Christopher and Vigna, Giovanni},
  journal={WOOT},
  volume={8},
  pages={1--8},
  year={2008}
}

@inproceedings{shah2006keyboards,
	author    = {Shah, Gaurav and Molina, Andres and Blaze, Matt and others},
	title     = {{Keyboards and Covert Channels}},
	booktitle = POT # { 15th } # SEC,
	month     = jul,
	year      = 2006,
	address   = {Vancouver, Canada},
	pages     = {59--75}
}

@inproceedings{kim2012stealthmem,
	author    = {Kim, Taesoo and Peinado, Marcus and Mainar-Ruiz, Gloria},
	title     = {{STEALTHMEM: System-Level Protection Against Cache-Based Side Channel Attacks in the Cloud}},
	booktitle = POT # { 21st } # SEC,
	month     = aug,
	year      = 2012,
	address   = {Bellevue, WA},
	pages     = {189--204}
}

@inproceedings{wu2012whispers,
	author    = {Wu, Zhenyu and Xu, Zhang and Wang, Haining},
	title     = {{Whispers in the Hyper-space: High-speed Covert Channel Attacks in the Cloud}},
	booktitle = POT # { 21st } # SEC,
	month     = aug,
	year      = 2012,
	address   = {Bellevue, WA},
	pages     = {159--173}
}

@inproceedings{yarom2014flush,
	title     = {{FLUSH+RELOAD: A High Resolution, Low Noise, L3 Cache Side-Channel Attack}},
	author    = {Yarom, Yuval and Falkner, Katrina},
	booktitle = POT # { 23rd } # SEC,
	month     = aug,
	year      = 2014,
	address   = {San Diego, CA},
	pages     = {719--732}
}

@inproceedings{gruss2015cache,
	title     = {{Cache Template Attacks: Automating Attacks on Inclusive Last-Level Caches}},
	author    = {Gruss, Daniel and Spreitzer, Raphael and Mangard, Stefan},
	booktitle = POT # { 24th } # SEC,
	month     = aug,
	year      = 2015,
	address   = {Washington, DC},
	pages     = {897--912}
}

@inproceedings {varadarajan2015PVS,
	author    = {Venkatanathan Varadarajan and Yinqian Zhang and Thomas Ristenpart and Michael Swift},
	title     = {{A Placement Vulnerability Study in Multi-Tenant Public Clouds}},
	booktitle = POT # { 24th } # SEC,
	month     = aug,
	year      = 2015,
	address   = {Washington, DC},
	pages     = {913--928}
}

@inproceedings{lipp2016armageddon,
	title     = {{ARMageddon: Cache attacks on mobile devices}},
	author    = {Lipp, Moritz and Gruss, Daniel and Spreitzer, Raphael and Maurice, Cl{\'e}mentine and Mangard, Stefan},
	booktitle = POT # { 25th } # SEC,
	month     = aug,
	year      = 2016,
	address   = {Austin, TX},
	pages     = {549--564}
}

@inproceedings{ohrimenko2016oblivious,
	title     = {{Oblivious Multi-Party Machine Learning on Trusted Processors}},
	author    = {Ohrimenko, Olga and Schuster, Felix and Fournet, C{\'e}dric and Mehta, Aastha and Nowozin, Sebastian and Vaswani, Kapil and Costa, Manuel},
	booktitle = POT # { 25th } # SEC,
	month     = aug,
	year      = 2016,
	address   = {Austin, TX},
	pages     = {619--636}
}

@inproceedings{green2017autolock,
	title     = {{AutoLock: Why Cache Attacks on ARM Are Harder Than You Think}},
	author    = {Green, Marc and Rodrigues-Lima, Leandro and Zankl, Andreas and Irazoqui, Gorka and Heyszl, Johann and Eisenbarth, Thomas},
	booktitle = POT # { 26th } # SEC,
	month     = aug,
	year      = 2017,
	address   = {Vancouver, BC, Canada},
	pages     = {1075--1091}
}

@inproceedings{gruss2017strong,
	title     = {{Strong and Efficient Cache Side-Channel Protection using Hardware Transactional Memory}},
	author    = {Gruss, Daniel and Schuster, Felix and Ohrimenko, Olya and Haller, Istvan and Lettner, Julian and Costa, Manuel},
	booktitle = POT # { 26th } # SEC,
	month     = aug,
	year      = 2017,
	address   = {Vancouver, BC, Canada},
	pages     = {217--233}
}

%% CCS

@inproceedings{zhang2014semantics,
  title={Semantics-aware android malware classification using weighted contextual api dependency graphs},
  author={Zhang, Mu and Duan, Yue and Yin, Heng and Zhao, Zhiruo},
  booktitle={Proceedings of the 2014 ACM SIGSAC conference on computer and communications security},
  pages={1105--1116},
  year={2014}
}

@inproceedings{coogan2011deobfuscation,
  title={Deobfuscation of virtualization-obfuscated software: a semantics-based approach},
  author={Coogan, Kevin and Lu, Gen and Debray, Saumya},
  booktitle={Proceedings of the 18th ACM conference on Computer and communications security},
  pages={275--284},
  year={2011}
}

@inproceedings{cabuk2004ip,
	author    = {Cabuk, Serdar and Brodley, Carla E and Shields, Clay},
	title     = {{IP covert timing channels: design and detection}},
	booktitle = POT # { 11th } # CCS,
	month     = oct,
	year      = 2004,
	address   = {Washington, DC},
	pages     = {178--187}
}


@inproceedings{ristenpart2009hey,
	author    = {Ristenpart, Thomas and Tromer, Eran and Shacham, Hovav and Savage, Stefan},
	title     = {{Hey, you, get off of my cloud: exploring information leakage in third-party compute clouds}},
	booktitle = POT # { 16th } # CCS,
	month     = nov,
	year      = 2009,
	address   = {Chicago, IL},
	pages     = {199--212}
}

@inproceedings{zhang2012cross,
	title     = {{Cross-VM side channels and their use to extract private keys}},
	author    = {Zhang, Yinqian and Juels, Ari and Reiter, Michael K and Ristenpart, Thomas},
	booktitle = POT # { 19th } # CCS,
	month     = oct,
	year      = 2012,
	address   = {Raleigh, NC},
	pages     = {305--316}
}

@inproceedings{zhang2013duppel,
	title     = {{D{\"u}ppel: Retrofitting commodity operating systems to mitigate cache side channels in the cloud}},
	author    = {Zhang, Yinqian and Reiter, Michael K},
	booktitle = POT # { 20th } # CCS,
	month     = oct,
	year      = 2013,
	address   = {Berlin, Germany},
	pages     = {827--838}
}

@inproceedings{zhang2014CSA,
	author    = {Zhang, Yinqian and Juels, Ari and Reiter, Michael K. and Ristenpart, Thomas},
	title     = {{Cross-Tenant Side-Channel Attacks in PaaS Clouds}},
	booktitle = POT # { 21st } # CCS,
	month     = nov,
	year      = 2014,
	address   = {Scottsdale, AZ},
	pages     = {990--1003}
} 

@inproceedings{azab2014hypervision,
	author    = {Azab, Ahmed M and Ning, Peng and Shah, Jitesh and Chen, Quan and Bhutkar, Rohan and Ganesh, Guruprasad and Ma, Jia and Shen, Wenbo},
	title     = {{Hypervision Across Worlds: Real-time Kernel Protection from the ARM TrustZone Secure World}},
	booktitle = POT # { 21st } # CCS,
	month     = nov,
	year      = 2014,
	address   = {Scottsdale, AZ},
	pages     ={90--102}
}

@inproceedings{zhang2016return,
	title     = {{Return-oriented flush-reload side channels on arm and their implications for android devices}},
	author    = {Zhang, Xiaokuan and Xiao, Yuan and Zhang, Yinqian},
	booktitle = POT # { 23rd } # CCS,
	month     = oct,
	year      = 2016,
	address   = {Vienna, Austria},
	pages     = {858--870}
}

@inproceedings{zhou2016software,
	title     = {{A software approach to defeating side channels in last-level caches}},
	author    = {Zhou, Ziqiao and Reiter, Michael K and Zhang, Yinqian},
	booktitle = POT # { 23rd } # CCS,
	month     = oct,
	year      = 2016,
	address   = {Vienna, Austria},
	pages     = {871--882}
}

%% NDSS
@inproceedings{alowaish2019takedown,
  title={Cracking the Wall of Confinement: Understanding and Analyzing Malicious Domain Take-downs},
  author={Alowaisheq, Eihal and Wang, Peng and Alrwais, Sumayah and Liao, Xiaojing and Wang, XiaoFeng and Alowaisheq, Tasneem and Mi, Xianghang and Tang, Siyuan and Liu, Baojun},
  year  = 2019,
  booktitle = {Proceedings of the Network and Distributed System Security Symposium (NDSS)}
}

@inproceedings{jang2015secret,
	author    = {Jang, Jinsoo and Kong, Sunjune and Kim, Minsu and Kim, Daegyeong and Kang, Brent Byunghoon},
	title     = {{SeCReT: Secure Channel between Rich Execution Environment and Trusted Execution Environment}},
	booktitle = POT # { 2015 } # NDSS,
	month     = feb,
	year      = 2015,
	address   = {San Diego, CA}
}

@inproceedings{gras2017aslr,
	title     = {{ASLR on the line: Practical cache attacks on the MMU}},
	author    = {Gras, Ben and Razavi, Kaveh and Bosman, Erik and Bos, Herbert and Giuffrida, Christiano},
	booktitle = POT # { 2017 } # NDSS,
	month     = feb # {--} # mar,
	year      = 2017,
	address   = {San Diego, CA}
}

@inproceedings{maurice2017hello,
	author    = {Maurice, Cl{\'e}mentine and Weber, Manuel and Schwarz, Michael and Giner, Lukas and Gruss, Daniel and Boano, Carlo Alberto and Mangard, Stefan and R{\"o}mer, Kay},
	title     = {{Hello from the other side: SSH over robust cache covert channels in the cloud}},
	booktitle = POT # { 2017 } # NDSS,
	month     = feb # {--} # mar,
	year      = 2017,
	address   = {San Diego, CA}
}

@inproceedings{machiry2017boomerang,
	author    = {Machiry, Aravind and Gustafson, Eric and Spensky, Chad and Salls, Chris and Stephens, Nick and Wang, Ruoyu and Bianchi, Antonio and Choe, Yung Ryn and Kruegel, Christopher and Vigna, Giovanni},
	title     = {{BOOMERANG: Exploiting the Semantic Gap in Trusted Execution Environments}},
	booktitle = POT # { 2017 } # NDSS,
	month     = feb # {--} # mar,
	year      = 2017,
	address   = {San Diego, CA}
}

%% ASIA CCS
@inproceedings{neve2006refined,
	author    = {Neve, Michael and Seifert, Jean-Pierre and Wang, Zhenghong},
	title     = {{A refined look at Bernstein's AES side-channel analysis}},
	booktitle = POT # { 4th } # ASIACCS,
	month     = mar,
	year      = 2006,
	address   = {Taipei, Taiwan},
	pages     = {369--369}
}

@inproceedings{irazoqui2015lucky,
	author    = {Irazoqui, Gorka and Inci, Mehmet Sinan and Eisenbarth, Thomas and Sunar, Berk},
	title     = {{Lucky 13 strikes back}},
	booktitle = POT # { 10th } # ASIACCS,
	month     = apr,
	year      = 2016,
	address   = {Singapore},
	pages     = {85--96}
}

@inproceedings{irazoqui2016cross,
	title     = {{Cross processor cache attacks}},
	author    = {Irazoqui, Gorka and Eisenbarth, Thomas and Sunar, Berk},
	booktitle = POT # { 11th } # ASIACCS,
	month     = may # {--} # jun,
	year      = 2016,
	address   = {Xi'an, China},
	pages     = {353--364}
}

%% ATC 
@inproceedings {marcus2017high,
	title 	  = {{High-Resolution Side Channels for Untrusted Operating Systems}},
	author	  = {Marcus H{\"a}hnel and Weidong Cui and Marcus Peinado},
	booktitle = POT # " 2017 " # ATC,
	month	  = Jul,
	year 	  = 2017,
	address   = {Santa Clara, CA},
	pages 	  = {299--312}
}


%% DIMVA
@inproceedings{maurice2015c5,
	author    = {Maurice, Cl{\'e}mentine and Neumann, Christoph and Heen, Olivier and Francillon, Aur{\'e}lien},
	title     = {{C5: cross-cores cache covert channel}},
	booktitle = POT # { 12nd } # DIMVA,
	month     = Jul,
	year      = 2015,
	address   = {Milano, Italy},
	pages     = {46--64}
}

@inproceedings{gruss2016rowhammer,
	title	  = {{Rowhammer.js: A remote software-induced fault attack in javascript}},
	author	  = {Gruss, Daniel and Maurice, Cl{\'e}mentine and Mangard, Stefan},
	booktitle = POT # { 13th } # DIMVA,
	month     = Jul,
	year      = 2016,
	address   = {San Sebastian, Spain},
	pages	  = {300--321}
}

@inproceedings{gruss2016flush,
	title	  = {{Flush+Flush: a fast and stealthy cache attack}},
	author	  = {Gruss, Daniel and Maurice, Cl{\'e}mentine and Wagner, Klaus and Mangard, Stefan},
	booktitle = POT # { 13th } # DIMVA,
	month     = Jul,
	year      = 2016,
	address   = {San Sebastian, Spain},
	pages	  = {279--299}
}

@inproceedings{schwarz2017malware,
	title	  = {{Malware guard extension: Using SGX to conceal cache attacks}},
	author	  = {Schwarz, Michael and Weiser, Samuel and Gruss, Daniel and Maurice, Cl{\'e}mentine and Mangard, Stefan},
	booktitle = POT # { 14th } # DIMVA,
	month     = Jul,
	year      = 2017,
	address   = {Bonn, Germany},
	pages	  = {279--299}
}

%% RAID
@inproceedings{irazoqui2014wait,
	title     = {{Wait a minute! A fast, Cross-VM attack on AES}},
	author    = {Irazoqui, Gorka and Inci, Mehmet Sinan and Eisenbarth, Thomas and Sunar, Berk},
	booktitle = POT # { 17th } # RAID,
	month     = Sep,
	year      = 2014,
	address   = {Gothenburg, Sweden},
	pages     = {299--319}
}

%% ACSAC

@inproceedings{lindorfer2012lines,
  title={Lines of malicious code: insights into the malicious software industry},
  author={Lindorfer, Martina and Di Federico, Alessandro and Maggi, Federico and Comparetti, Paolo Milani and Zanero, Stefano},
  booktitle={Proceedings of the 28th Annual Computer Security Applications Conference},
  pages={349--358},
  year={2012}
}

@inproceedings{wang2006covert,
	author    = {Wang, Zhenghong and Lee, Ruby B},
	title     = {{Covert and side channels due to processor architecture}},
	booktitle = POT # { 22nd } # ACSAC,
	month     = Dec,
	year      = 2006,
	address   = {Miami, FL},
	pages     = {473--482}
}

%% WOOT
@inproceedings{shah2009covert,
	author    = {Shah, Gaurav and Blaze, Matt},
	title     = {{Covert channels through external interference}},
	booktitle = POT # { 3rd } # WOOT,
	month     = Aug, 
	year      = 2009, 
	address   = {Montreal, Canada},
	pages     = {3--3}
}

%% ETC

@inproceedings{sheng2009empirical,
  title={An empirical analysis of phishing blacklists},
  author={Sheng, Steve and Wardman, Brad and Warner, Gary and Cranor, Lorrie Faith and Hong, Jason and Zhang, Chengshan},
  booktitle={Sixth Conference on Email and Anti-Spam (CEAS)},
  year={2009},
  organization={California, USA}
}

@article{zhang2006phinding,
  title={Phinding phish: Evaluating anti-phishing tools},
  author={Zhang, Yue and Egelman, Serge and Cranor, Lorrie and Hong, Jason},
  year={2006},
  publisher={figshare}
}

@article{guo2017world,
  title={World-wide cloaking phishing websites detection},
  author={Guo, Ziji},
  year={2017}
}


@inproceedings{zhang2011arrow,
  title={Arrow: Generating signatures to detect drive-by downloads},
  author={Zhang, Junjie and Seifert, Christian and Stokes, Jack W and Lee, Wenke},
  booktitle={Proceedings of the 20th international conference on World wide web},
  pages={187--196},
  year={2011},
  organization={ACM}
}

@inproceedings{afroz2009phishzoo,
  title={Phishzoo: An automated web phishing detection approach based on profiling and fuzzy matching},
  author={Afroz, Sadia and Greenstadt, Rachel},
  booktitle={Proceedings of the Semantic Computing (ICSC), 2011 Fifth IEEE International Conference},
  year={2009}
}

@inproceedings{rosiello2007layout,
  title={A layout-similarity-based approach for detecting phishing pages},
  author={Rosiello, Angelo PE and Kirda, Engin and Ferrandi, Fabrizio and others},
  booktitle={2007 Third International Conference on Security and Privacy in Communications Networks and the Workshops-SecureComm 2007},
  pages={454--463},
  year={2007},
  organization={IEEE}
}

@article{liu2006antiphishing,
  title={An antiphishing strategy based on visual similarity assessment},
  author={Liu, Wenyin and Deng, Xiaotie and Huang, Guanglin and Fu, Anthony Y},
  journal={IEEE Internet Computing},
  volume={10},
  number={2},
  pages={58--65},
  year={2006},
  publisher={IEEE}
}

@article{uaswitcher,
  title={User-Agent Switcher for Chrome},
  author={google.com},
  note={  {https://chrome.google.com/webstore/detail/user-agent-switcher-for-c/djflhoibgkdhkhhcedjiklpkjnoahfmg?hl=en-US}},
  year={2019}
}

@misc{fielding1999rfc2616,
  title={RFC2616: Hypertext Transfer Protocol--HTTP/1.1},
  author={Fielding, Roy and Gettys, Jim and Mogul, Jeffrey and Frystyk, Henrik and Masinter, Larry and Leach, Paul and Berners-Lee, Tim},
  year={1999},
  publisher={RFC Editor}
}

@misc{paya2007combining,
  title={Combining a browser cache and cookies to improve the security of token-based authentication protocols},
  author={Paya, Ismail Cem and Chow, Trevin},
  year={2007},
  month=jul # "~3",
  publisher={Google Patents},
  note={{US Patent 7,240,192}}
}

@article{von2008recaptcha,
  title={recaptcha: Human-based character recognition via web security measures},
  author={Von Ahn, Luis and Maurer, Benjamin and McMillen, Colin and Abraham, David and Blum, Manuel},
  journal={Science},
  volume={321},
  number={5895},
  pages={1465--1468},
  year={2008},
  publisher={American Association for the Advancement of Science}
}

@article{w3cwebnotifcations,
  title={Web Notifications},
  author={W3C},
  note={  {https://www.w3.org/TR/notifications/}},
  year={2015}
}

@inproceedings{holmes2006automating,
  title={Automating functional tests using selenium},
  author={Holmes, Antawan and Kellogg, Marc},
  booktitle={AGILE 2006 (AGILE'06)},
  pages={6--pp},
  year={2006},
  organization={IEEE}
}



@article{hong2012current,
  title={The current state of phishing attacks},
  author={Hong, Jason},
  year={2012},
  publisher={figshare}
}

@inproceedings{kim2017j,
  title={J-force: Forced execution on javascript},
  author={Kim, Kyungtae and Kim, I Luk and Kim, Chung Hwan and Kwon, Yonghwi and Zheng, Yunhui and Zhang, Xiangyu and Xu, Dongyan},
  booktitle={Proceedings of the 26th international conference on World Wide Web},
  pages={897--906},
  year={2017},
  organization={International World Wide Web Conferences Steering Committee}
}

@inproceedings{sen2013jalangi,
  title={Jalangi: a selective record-replay and dynamic analysis framework for JavaScript},
  author={Sen, Koushik and Kalasapur, Swaroop and Brutch, Tasneem and Gibbs, Simon},
  booktitle={Proceedings of the 2013 9th Joint Meeting on Foundations of Software Engineering},
  pages={488--498},
  year={2013},
  organization={ACM}
}

@inproceedings{gong2015dlint,
  title={DLint: dynamically checking bad coding practices in JavaScript},
  author={Gong, Liang and Pradel, Michael and Sridharan, Manu and Sen, Koushik},
  booktitle={Proceedings of the 2015 International Symposium on Software Testing and Analysis},
  pages={94--105},
  year={2015},
  organization={ACM}
}

@article{feinstein2007caffeine,
  title={Caffeine monkey: Automated collection, detection and analysis of malicious javascript},
  author={Feinstein, Ben and Peck, Daniel and SecureWorks, I},
  journal={Black Hat USA},
  volume={2007},
  year={2007}
}

@inproceedings{raffetseder2007building,
  title={Building anti-phishing browser plug-ins: An experience report},
  author={Raffetseder, Thomas and Kirda, Engin and Kruegel, Christopher},
  booktitle={Proceedings of the Third International Workshop on Software Engineering for Secure Systems},
  pages={6},
  year={2007},
  organization={IEEE Computer Society}
}

@inproceedings{tout2009phishpin,
  title={Phishpin: An identity-based anti-phishing approach},
  author={Tout, Hicham and Hafner, William},
  booktitle={2009 International Conference on Computational Science and Engineering},
  volume    = {3},
  pages     = {347--352},
  year      = {2009},
  organization={IEEE},
  month     = Aug,
  Year      = 2009,
  address   = {Vancouver, BC, Canada}
}

@inproceedings{kocher1996timing,
	author    = {Kocher, Paul C},
	title     = {{Timing attacks on implementations of Diffie-Hellman, RSA, DSS, and other systems}},
	booktitle = POT # { 16th Annual International Cryptology Conference (CRYPTO)},
    month     = Aug, 
    year      = 1996,
	address   = {Santa Barbara, CA},
	pages     = {104--113},
}

@inproceedings{bonneau2006cache,
	author    = {Bonneau, Joseph and Mironov, Ilya},
	title     = {{Cache-collision timing attacks against AES}},
	booktitle = POT # { the International Workshop on Cryptographic Hardware and Embedded Systems (CHES)},
	month     = Oct, 
	year      = 2006,
	address   = {Yokohama, Japan},
	pages     = {201--215}
}

@inproceedings{osvik2006cache,
	author    = {Osvik, Dag Arne and Shamir, Adi and Tromer, Eran},
	title     = {{Cache attacks and countermeasures: the case of AES}},
	booktitle = POT # {Cryptographer's Track at the RSA Conference (CT-RSA)},
	month     = Feb,
	year      = 2006,
	address   = {San Jose, CA},
	pages     = {1--20}
}

@inproceedings{aciiccmez2007yet,
	author    = {Acii{\c{c}}mez, Onur},
	title     = {{Yet another microarchitectural attack:: exploiting I-cache}},
	booktitle = POT # { the 2007 ACM workshop on Computer security architecture},
	month     = Oct # {--} # Nov,
	year      = 2007,
	address   = {Alexandria, VA},
	pages     = {11--18}
}

@inproceedings{aciiccmez2007cache,
	author    = {Ac{\i}i{\c{c}}mez, Onur and Schindler, Werner and Ko{\c{c}}, {\c{C}}etin K},
	title     = {{Cache based remote timing attack on the AES}},
	booktitle = POT # {Cryptographer's Track at the RSA Conference (CT-RSA)},
	month     = Feb,
	year      = 2007,
	address   = {San Fancisco, CA},
	pages     = {271--286}
}

@inproceedings{aciiccmez2008vulnerability,
	author    = {Ac{\i}i{\c{c}}mez, Onur and Schindler, Werner},
	title     = {{A vulnerability in RSA implementations due to instruction cache analysis and its demonstration on OpenSSL}},
	booktitle = POT # {Cryptographer's Track at the RSA Conference (CT-RSA)},
	month     = Apr,
	year      = 2008,
	address   = {San Fancisco, CA},
	pages     = {256--273}
}

@inproceedings{brumley2009cache,
	title     = {{Cache-timing template attacks}},
	author    = {Brumley, Billy Bob and Hakala, Risto M},
	booktitle = POT # { 15th the International Conference on the Theory and Application of Cryptology and Information Security (ASIACRYPT)},
	month     = Dec,
	year      = 2009,
	address   = {Tokyo, Japan},
	pages     = {667--684}
}

@inproceedings{aciiccmez2010new,
	author    = {Ac{\i}i{\c{c}}mez, Onur and Brumley, Billy Bob and Grabher, Philipp},
	title     = {{New results on instruction cache attacks}},
	booktitle = POT # { the International Workshop on Cryptographic Hardware and Embedded Systems (CHES)},
	month     = Aug,
	year      = 2010,
	address   = {Santa Barbara, CA},
	pages     = {110--124}
}

@inproceedings{xu2011exploration,
	author    = {Xu, Yunjing and Bailey, Michael and Jahanian, Farnam and Joshi, Kaustubh and Hiltunen, Mattia nd Schlichting, Richard},
	title     = {{An exploration of L2 cache covert channels in virtualized environments}},
	booktitle = POT # { the 3rd ACM workshop on Cloud computing security workshop},
	month     = Oct,
	year      = 2011,
	address   = {Chicago, IL},
	pages     = {29--40}
}

@inproceedings{ge2014sprobes,
	author    = {Ge, Xinyang and Vijayakumar, Hayawardh and Jaeger, Trent},
	title     = {{SPROBES: Enforcing kernel code integrity on the trustzone architecture}},
	booktitle = POT # { 3rd IEEE Mobile Security Technologies Workshop (MoST)}, 
	month     = May,
	year      = 2014,
	address   = {San Jose, CA}
}

@inproceedings{gulmezouglu2015faster,
	author    = {G{\"u}lmezo{\u{g}}lu, Berk and Inci, Mehmet Sinan and Irazoqui, Gorka and Eisenbarth, Thomas and Sunar, Berk},
	title     = {{A faster and more realistic flush+ reload attack on AES}},
	booktitle = POT # { 6th International Workshop on Constructive Side-Channel Analysis and Secure Design (COSADE)},
	month     = Apr,
	year      = 2015,
	address   = {Berlin, Germany},
	pages     = {111--126}
}

@inproceedings{liu2016catalyst,
	title     = {{Catalyst: Defeating last-level cache side channel attacks in cloud computing}},
	author    = {Liu, Fangfei and Ge, Qian and Yarom, Yuval and Mckeen, Frank and Rozas, Carlos and Heiser, Gernot and Lee, Ruby B},
	booktitle = POT # { 22nd IEEE Symposium on High Performance Computer Architecture (HPCA)},
	month     = Mar,
	year      = 2016,
	address   = {Barcelona, Spain},
	pages     = {406--418}
}

@inproceedings{ning2017position,
	author    = {Ning, Zhenyu and Zhang, Fengwei and Shi, Weisong and Shi, Weidong},
	title     = {Position Paper: Challenges Towards Securing Hardware-assisted Execution Environments},
	booktitle = POT # { the Hardware and Architectural Support for Security and Privacy},
	month     = Jun,
	year      = 2017,
	address   = {Toronto, Canada}
}

%% Journal Papers
@book{jakobsson2006phishing,
	title={Phishing and countermeasures: understanding the increasing problem of electronic identity theft},
	author={Jakobsson, Markus and Myers, Steven},
	year={2006},
	publisher={John Wiley \& Sons}
}

@article{apwgreport,
	title	  = {{Phishing Activity Trends Report 2nd Quarter 2018}},
	author	  = {APWG},
	note	  	  = {  {http://docs.apwg.org/reports/apwg\_trends\_report\_q2\_2018.pdf}},
	year	  = 2018,
}

@article{PhishingStatistics,
	title	  = {{2019 Phishing Statistics and Email Fraud Statistics}},
	author	  = {retruster},
	note	  	  = {  {https://retruster.com/blog/2019-phishing-and-email-fraud-statistics.html}},
	year	  = 2019,
}

@article{apwgreportq32019,
	title	  = {{Phishing Activity Trends Report 3rd Quarter 2019}},
	author	  = {APWG},
	note	  	  = {  {https://docs.apwg.org/reports/apwg_trends_report\_q3\_2019.pdf}},
	year	  = 2019,
}

@article{phishstat2018,
	title	  = {{Must-Know Phishing Statistics 2018}},
	author	  = {The Barkly Team},
	note	  	  = {{https://blog.barkly.com/phishing-statistics-2018}},
	year	  = 2018,
}

@inproceedings{wang2006detecting,
	title={Detecting Stealth Web Pages That Use Click-Through Cloaking},
	author={Wang, Yi-Min and Ma, Ming},
	booktitle={Microsoft Research Technical Report, MSR-TR},
	year={2006}
}

@article{applelargest,
	title	  = {{The World's Largest Tech Companies 2018: Apple, Samsung Take Top Spots Again}},
	author	  = {Kristin Stoller},
	journal	  = {Forbes},
	note	  = {  {https://www.forbes.com/sites/kristinstoller/2018/06/06/worlds-largest-tech-companies-2018-global-2000/\#7e80ce3e4de6}},
	year	  = 2018,
}

@article{applerevenue,
	title	  = {{Revenue of Apple by country/region from the first quarter of 2012 to the third quarter of 2018 (in billion U.S. dollars)}},
	author	  = {statista},
	journal	  = {statista.com},
	note	  = {  {https://www.statista.com/statistics/382175/quarterly-revenue-of-apple-by-geograhical-region/}},
	year	  = 2018,
}

 @article{phishingseed,
  title={{The Year of the Phish}},
  author={Claudio Guarnieri},
  note=  {  {https://nex.sx/blog/212/15/the-year-of-the-phish.html}},
  year=2019
  } 

@inproceedings{gyongyi2005web,
	title={Web spam taxonomy},
	author={Gyongyi, Zoltan and Garcia-Molina, Hector},
	booktitle={First international workshop on adversarial information retrieval on the web (AIRWeb 2005)},
	year={2005}
}

@book{stavroulakis2010handbook,
  title={Handbook of information and communication security},
  author={Stavroulakis, Peter and Stamp, Mark},
  year={2010},
  publisher={Springer Science \& Business Media}
}

@inproceedings{van2005characteristics,
  title={Characteristics and responsibilities involved in a Phishing attack},
  author={Van der Merwe, Alta and Loock, Marianne and Dabrowski, Marek},
  booktitle={Proceedings of the 4th international symposium on Information and communication technologies},
  pages={249--254},
  year={2005},
  organization={Trinity College Dublin}
}

  @inproceedings{10.1145/1460877.1460905,
 author = {Medvet, Eric and Kirda, Engin and Kruegel, Christopher},
 title = {Visual-Similarity-Based Phishing Detection},
 year = {2008},
 isbn = {9781605582412},
 publisher = {Association for Computing Machinery},
 address = {New York, NY, USA},
 url = {https://doi.org/10.1145/1460877.1460905},
 doi = {10.1145/1460877.1460905},
 booktitle = {Proceedings of the 4th International Conference on Security and Privacy in Communication Netowrks},
 articleno = {Article 22},
 numpages = {6},
 keywords = {security, web document analysis, anti-phishing, visual similarity},
 location = {Istanbul, Turkey},
 series = {SecureComm ’08}
}

@article{khonji2013phishing,
  title={Phishing detection: a literature survey},
  author={Khonji, Mahmoud and Iraqi, Youssef and Jones, Andrew},
  journal={IEEE Communications Surveys \& Tutorials},
  volume={15},
  number={4},
  pages={2091--2121},
  year={2013},
  publisher={IEEE}
}

@inproceedings{abu2007comparison,
  title={A comparison of machine learning techniques for phishing detection},
  author={Abu-Nimeh, Saeed and Nappa, Dario and Wang, Xinlei and Nair, Suku},
  booktitle={Proceedings of the anti-phishing working groups 2nd annual eCrime researchers summit},
  pages={60--69},
  year={2007},
  organization={ACM}
}

@inproceedings{bergholz2008improved,
  title={Improved Phishing Detection using Model-Based Features.},
  author={Bergholz, Andre and Chang, Jeong Ho and Paass, Gerhard and Reichartz, Frank and Strobel, Siehyun},
  booktitle={CEAS},
  year={2008}
}

@article{aburrous2010intelligent,
  title={Intelligent phishing detection system for e-banking using fuzzy data mining},
  author={Aburrous, Maher and Hossain, M Alamgir and Dahal, Keshav and Thabtah, Fadi},
  journal={Expert systems with applications},
  volume={37},
  number={12},
  pages={7913--7921},
  year={2010},
  publisher={Elsevier}
}

@inproceedings{toolan2010feature,
  title={Feature selection for spam and phishing detection},
  author={Toolan, Fergus and Carthy, Joe},
  booktitle={2010 eCrime Researchers Summit},
  pages={1--12},
  year={2010},
  organization={IEEE}
}

@article{fu2006detecting,
  title={Detecting phishing web pages with visual similarity assessment based on earth mover's distance (EMD)},
  author={Fu, Anthony Y and Wenyin, Liu and Deng, Xiaotie},
  journal={IEEE transactions on dependable and secure computing},
  volume={3},
  number={4},
  pages={301--311},
  year={2006},
  publisher={IEEE}
}

@article{kuo2005google,
  title={Google safe browsing. project at google},
  author={Kuo, Cynthia and Schneider, Fritz and Jackson, Collin and Mountain, D and Winograd, T},
  journal={Inc., June--August},
  year={2005}
}

@article{smartscreen,
  title={Windows Defender SmartScreen
},

  note={  \url{https://github.com/MicrosoftDocs/windows-itpro-docs/blob/public/windows/security/threat-protection/windows-defender-smartscreen/windows-defender-smartscreen-overview.md}},
  publisher={Microsoft},
  key={Microsoft},
  year={2019}
}

@inproceedings{cao2008anti,
  title={Anti-phishing based on automated individual white-list},
  author={Cao, Ye and Han, Weili and Le, Yueran},
  booktitle={Proceedings of the 4th ACM workshop on Digital identity management},
  pages={51--60},
  year={2008},
  organization={ACM}
}

@inproceedings{cook2008phishwish,
  title={Phishwish: a stateless phishing filter using minimal rules},
  author={Cook, Debra L and Gurbani, Vijay K and Daniluk, Michael},
  booktitle={International Conference on Financial Cryptography and Data Security},
  pages={182--186},
  year={2008},
  organization={Springer}
}

@article{kim2011detecting,
  title={Detecting DNS-poisoning-based phishing attacks from their network performance characteristics},
  author={Kim, H and Huh, JH},
  journal={Electronics Letters},
  volume={47},
  number={11},
  pages={656--658},
  year={2011},
  publisher={IET}
}

@inproceedings{lu2011surf,
  title={Surf: detecting and measuring search poisoning},
  author={Lu, Long and Perdisci, Roberto and Lee, Wenke},
  booktitle={Proceedings of the 18th ACM conference on Computer and communications security},
  pages={467--476},
  year={2011},
  organization={ACM}
}

@inproceedings{niu2007quantitative,
  title={A Quantitative Study of Forum Spamming Using Context-based Analysis.},
  author={Niu, Yuan and Chen, Hao and Hsu, Francis and Wang, Yi-Min and Ma, Ming},
  booktitle={NDSS},
  year={2007}
}

@inproceedings{leontiadis2011measuring,
  title={Measuring and Analyzing Search-Redirection Attacks in the Illicit Online Prescription Drug Trade.},
  author={Leontiadis, Nektarios and Moore, Tyler and Christin, Nicolas},
  booktitle={{USENIX} Security Symposium},
  volume={11},
  year={2011}
}

@inproceedings{wu2006detecting,
  title={Detecting semantic cloaking on the web},
  author={Wu, Baoning and Davison, Brian D},
  booktitle={Proceedings of the 15th international conference on World Wide Web},
  pages={819--828},
  year={2006},
  organization={ACM}
}

@inproceedings{rieck2010cujo,
  title={Cujo: efficient detection and prevention of drive-by-download attacks},
  author={Rieck, Konrad and Krueger, Tammo and Dewald, Andreas},
  booktitle={Proceedings of the 26th Annual Computer Security Applications Conference},
  pages={31--39},
  year={2010},
  organization={ACM}
}

@book{mann2017hacking,
  title={Hacking the human: social engineering techniques and security countermeasures},
  author={Mann, Ian},
  year={2017},
  publisher={Routledge}
}

@article{gupta2018defending,
  title={Defending against phishing attacks: taxonomy of methods, current issues and future directions},
  author={Gupta, Brij B and Arachchilage, Nalin AG and Psannis, Kostas E},
  journal={Telecommunication Systems},
  volume={67},
  number={2},
  pages={247--267},
  year={2018},
  publisher={Springer}
}

@article{googletransparencyreport,
  title={Google Transparency Report},
  author={Google},
  note={\url{https://transparencyreport.google.com/safe-browsing/overview?hl=en}},
  year={2019}
}

@article{solutions2019verizon,
  title={Data Breach Investigations Report (DBIR)},
  author={Solutions, Verizon Enterprise},
  year={2019}
}

@inproceedings{oest20goldenhour,
  title={Sunrise to Sunset: Analyzing the End-to-end Life Cycle and Effectiveness of Phishing Attacks at Scale},
  author={Oest, Adam and Zhang, Penghui and Wardman, Brad and Nunes, Eric and Burgis, Jakub and Zand, Ali and Thomas, Kurt and Doup{\'e}, Adam and Ahn, Gail-Joon},
  booktitle={Proceedings of the 29th {USENIX} Security Symposium},
  year={2020}
}

@inproceedings{oest20phishtime,
  title={{PhishTime}: Continuous Longitudinal Measurement of the Effectiveness of Anti-phishing Blacklists},
  author={Oest, Adam and Safaei, Yeganeh and Zhang, Penghui and Wardman, Brad and  Tyers, Kevin and Shoshitaishvili, Yan and Doup{\'e}, Adam and Ahn, Gail-Joon},
  booktitle={Proceedings of the 29th {USENIX} Security Symposium},
  year={2020}
}

@article{king1976symbolic,
  title={Symbolic execution and program testing},
  author={King, James C},
  journal={Communications of the ACM},
  volume={19},
  number={7},
  pages={385--394},
  year={1976},
  publisher={ACM New York, NY, USA}
}


@inproceedings{dhamija2006phishing,
  title={Why phishing works},
  author={Dhamija, Rachna and Tygar, J Doug and Hearst, Marti},
  booktitle={Proceedings of the SIGCHI conference on Human Factors in computing systems},
  pages={581--590},
  year={2006},
  organization={ACM}
}

  @inproceedings{10.1145/3292006.3300036,
 author = {Sun, Zhibo and Rubio-Medrano, Carlos E. and Zhao, Ziming and Bao, Tiffany and Doup\'{e}, Adam and Ahn, Gail-Joon},
 title = {Understanding and Predicting Private Interactions in Underground Forums},
 year = {2019},
 isbn = {9781450360999},
 publisher = {Association for Computing Machinery},
 address = {New York, NY, USA},
 url = {https://doi.org/10.1145/3292006.3300036},
 doi = {10.1145/3292006.3300036},
 booktitle = {Proceedings of the Ninth ACM Conference on Data and Application Security and Privacy},
 pages = {303–314},
 numpages = {12},
 keywords = {private interaction detection, underground forums, private interaction analysis},
 location = {Richardson, Texas, USA},
 series = {CODASPY ’19}
}

@inproceedings{aggarwal2012phishari,
  title={PhishAri: Automatic realtime phishing detection on twitter},
  author={Aggarwal, Anupama and Rajadesingan, Ashwin and Kumaraguru, Ponnurangam},
  booktitle={2012 eCrime Researchers Summit},
  pages={1--12},
  year={2012},
  organization={IEEE}
}

@inproceedings{hao:understanding,
  title={Understanding the domain registration behavior of spammers},
  author={Hao, Shuang and Thomas, Matthew and Paxson, Vern and Feamster, Nick and Kreibich, Christian and Grier, Chris and Hollenbeck, Scott},
  booktitle={Proceedings of the 2013 conference on Internet measurement conference},
  pages={63--76},
  year={2013},
  organization={ACM}}
  

@inproceedings{wu2006web,
  title={Web wallet: preventing phishing attacks by revealing user intentions},
  author={Wu, Min and Miller, Robert C and Little, Greg},
  booktitle={Proceedings of the second symposium on Usable privacy and security},
  pages={102--113},
  year={2006},
  organization={ACM}
}

@article{huang2012svm,
  title={A SVM-based technique to detect phishing URLs},
  author={Huang, Huajun and Qian, Liang and Wang, Yaojun},
  journal={Information Technology Journal},
  volume={11},
  number={7},
  pages={921--925},
  year={2012},
  publisher={Asian Network for Scientific Information (ANSINET)}
}

@inproceedings{duman2016emailprofiler,
  title={Emailprofiler: Spearphishing filtering with header and stylometric features of emails},
  author={Duman, Sevtap and Kalkan-Cakmakci, Kubra and Egele, Manuel and Robertson, William and Kirda, Engin},
  booktitle={2016 IEEE 40th Annual Computer Software and Applications Conference (COMPSAC)},
  volume={1},
  pages={408--416},
  year={2016},
  organization={IEEE}
}

@inproceedings{fette2007learning,
  title={Learning to detect phishing emails},
  author={Fette, Ian and Sadeh, Norman and Tomasic, Anthony},
  booktitle={Proceedings of the 16th international conference on World Wide Web},
  pages={649--656},
  year={2007},
  organization={ACM}
}

@inproceedings{bilge2011exposure,
  title={EXPOSURE: Finding Malicious Domains Using Passive DNS Analysis.},
  author={Bilge, Leyla and Kirda, Engin and Kruegel, Christopher and Balduzzi, Marco},
  booktitle={Ndss},
  pages={1--17},
  year={2011}
}

@inproceedings{canali2013role,
  title={The role of web hosting providers in detecting compromised websites},
  author={Canali, Davide and Balzarotti, Davide and Francillon, Aur{\'e}lien},
  booktitle={Proceedings of the 22nd international conference on World Wide Web},
  pages={177--188},
  year={2013},
  organization={ACM}
}


@inproceedings{bin2010dns,
  title={A DNS based anti-phishing approach},
  author={Bin, Sun and Qiaoyan, Wen and Xiaoying, Liang},
  booktitle={2010 Second International Conference on Networks Security, Wireless Communications and Trusted Computing},
  volume={2},
  pages={262--265},
  year={2010},
  organization={IEEE}
}

@inproceedings{khonji2011novel,
  title={A novel Phishing classification based on URL features},
  author={Khonji, Mahmoud and Jones, Andrew and Iraqi, Youssef},
  booktitle={2011 IEEE GCC conference and exhibition (GCC)},
  pages={221--224},
  year={2011},
  organization={IEEE}
}

@article{opendns2016phishtank,
  title={PhishTank: An anti-phishing site},
  author={OpenDNS, LLC},
  journal={Online: https://www. phishtank. com},
  year={2016}
}

@inproceedings{thomas2017data,
  title={Data breaches, phishing, or malware?: Understanding the risks of stolen credentials},
  author={Thomas, Kurt and Li, Frank and Zand, Ali and Barrett, Jacob and Ranieri, Juri and Invernizzi, Luca and Markov, Yarik and Comanescu, Oxana and Eranti, Vijay and Moscicki, Angelika and others},
  booktitle={Proceedings of the 2017 ACM SIGSAC conference on computer and communications security},
  pages={1421--1434},
  year={2017},
  organization={ACM}
}

@inproceedings{mccalley2011analysis,
  title={Analysis of back-doored phishing kits},
  author={McCalley, Heather and Wardman, Brad and Warner, Gary},
  booktitle={IFIP International Conference on Digital Forensics},
  pages={155--168},
  year={2011},
  organization={Springer}
}

@article{xiang2011cantina+,
  title={Cantina+: A feature-rich machine learning framework for detecting phishing web sites},
  author={Xiang, Guang and Hong, Jason and Rose, Carolyn P and Cranor, Lorrie},
  journal={ACM Transactions on Information and System Security (TISSEC)},
  volume={14},
  number={2},
  pages={21},
  year={2011},
  publisher={ACM}
}


@article{webapis,
  title={Mozilla Web APIs},
  author={MDN Web Docs},
  note={  {https://developer.mozilla.org/en-US/docs/Web/API}}
}

@inproceedings{kumaraguru2009school,
  title={School of phish: a real-world evaluation of anti-phishing training},
  author={Kumaraguru, Ponnurangam and Cranshaw, Justin and Acquisti, Alessandro and Cranor, Lorrie and Hong, Jason and Blair, Mary Ann and Pham, Theodore},
  booktitle={Proceedings of the 5th Symposium on Usable Privacy and Security},
  pages={3},
  year={2009},
  organization={ACM}
}

@inproceedings{kumaraguru2007protecting,
  title={Protecting people from phishing: the design and evaluation of an embedded training email system},
  author={Kumaraguru, Ponnurangam and Rhee, Yong and Acquisti, Alessandro and Cranor, Lorrie Faith and Hong, Jason and Nunge, Elizabeth},
  booktitle={Proceedings of the SIGCHI conference on Human factors in computing systems},
  pages={905--914},
  year={2007},
  organization={ACM}
}

@inproceedings{curtsinger2011zozzle,
  title={ZOZZLE: Fast and Precise In-Browser JavaScript Malware Detection.},
  author={Curtsinger, Charlie and Livshits, Benjamin and Zorn, Benjamin G and Seifert, Christian},
  booktitle={{USENIX} Security Symposium},
  pages={33--48},
  year={2011},
  organization={San Francisco}
}

@inproceedings{kolbitsch2012rozzle,
  title={Rozzle: De-cloaking internet malware},
  author={Kolbitsch, Clemens and Livshits, Benjamin and Zorn, Benjamin and Seifert, Christian},
  booktitle={2012 IEEE Symposium on Security and Privacy},
  pages={443--457},
  year={2012},
  organization={IEEE}
}

@inproceedings{ratanaworabhan2009nozzle,
  title={NOZZLE: A Defense Against Heap-spraying Code Injection Attacks.},
  author={Ratanaworabhan, Paruj and Livshits, V Benjamin and Zorn, Benjamin G},
  booktitle={{USENIX} Security Symposium},
  pages={169--186},
  year={2009}
}

@inproceedings{wu2005cloaking,
  title={Cloaking and Redirection: A Preliminary Study.},
  author={Wu, Baoning and Davison, Brian D},
  booktitle={AIRWeb},
  pages={7--16},
  year={2005}
}

@article{duan2017cloaker,
  title={Cloaker Catcher: A Client-based Cloaking Detection System},
  author={Duan, Ruian and Wang, Weiren and Lee, Wenke},
  journal={arXiv preprint arXiv:1710.01387},
  year={2017}
}

@article{mousemovehobby,
  title={Mouse movement patterns and user frustration},
  author={Rotolo, Tim},
  note={  {https://www.trymyui.com/blog/2016/10/28/mouse-movement-patterns-and-user-frustration/}},
  year={2016}
}

@article{bhati2012prevention,
  title={Prevention approach of phishing on different websites},
  author={Bhati, Mayur and Khan, Rashid},
  journal={International Journal of Engineering and Technology},
  volume={2},
  number={7},
  year={2012},
  publisher={Citeseer}
}

@inproceedings{cova2010detection,
  title={Detection and analysis of drive-by-download attacks and malicious JavaScript code},
  author={Cova, Marco and Kruegel, Christopher and Vigna, Giovanni},
  booktitle={Proceedings of the 19th international conference on World wide web},
  pages={281--290},
  year={2010}
}

@misc{jsobfuscator,
title = {JavaScript obfuscator},
author = {Kachalov, Timofey and zamotkin},
note = {  {https://github.com/javascript-obfuscator/javascript-obfuscator}},
}

@article{niu2008overview,
  title={An overview of perceptual hashing},
  author={Niu, Xia-mu and Jiao, Yu-hua},
  journal={Acta Electronica Sinica},
  volume={36},
  number={7},
  pages={1405--1411},
  year={2008}
}

@article{wang1999image,
  title={Image enhancement based on equal area dualistic sub-image histogram equalization method},
  author={Wang, Yu and Chen, Qian and Zhang, Baeomin},
  journal={IEEE Transactions on Consumer Electronics},
  volume={45},
  number={1},
  pages={68--75},
  year={1999},
  publisher={IEEE}
}

@inproceedings{deselaers2011visual,
  title={Visual and semantic similarity in imagenet},
  author={Deselaers, Thomas and Ferrari, Vittorio},
  booktitle={CVPR 2011},
  pages={1777--1784},
  year={2011},
  organization={IEEE}
}

@article{manualactionreport,
  title={Manual Actions report},
  author={Google},
  note={  {https://support.google.com/webmasters/answer/9044175?hl=en&ref_topic=4596795}},
  year={2020},
  key = {manualactionreport},
}

@misc{jsparser,
    title = {Acorn: A tiny, fast JavaScript parser, written completely in JavaScript},
    author = {acornjs},
    note = {  {https://github.com/acornjs/acorn}},
    year = {2020}
}

@misc{000webhost,
    title = {000WebHost: Free Web Hosting},
    note = {  {https://www.000webhost.com/migrate?static=true}},
}

@misc{amk,
    title = {Amazon Mechanical Turk},
    note = {  {https://www.mturk.com/}},
}

@misc{jsinspect,
    title = {JSInspect: Detect copy-pasted and structurally similar code},
    note = {  {https://github.com/danielstjules/jsinspect}}
}

@article{addingwww,
    title = {Web browser automatically adds www to URL},
    note = {  {https://www.thewindowsclub.com/browser-automatically-adds-www-to-url}},
    year = {2016},
    author = {The Windows Club},
}

@misc{har,
    title = {HTTP Archive (HAR) format},
    note = {  {https://w3c.github.io/web-performance/specs/HAR/Overview.html}},
    author = {W3C}
}

@inproceedings{sun2018understanding,
  title={Understanding and Predicting Private Interactions in Underground Forums},
 author       = {Sun, Zhibo and Rubio-Medrano, Carlos E. and Zhao, Ziming and Bao, Tiffany and Doup{\'e}, Adam and Ahn, Gail-Joon},
 booktitle    = {Proceedings of the Ninth ACM Conference on Data and Application Security and Privacy (CODASPY)},
 year         = {2019},
 organization={ACM}
}
  
@article{yujian2007normalized,
  title={A normalized Levenshtein distance metric},
  author={Yujian, Li and Bo, Liu},
  journal={IEEE transactions on pattern analysis and machine intelligence},
  volume={29},
  number={6},
  pages={1091--1095},
  year={2007},
  publisher={IEEE}
}

@misc{katalon,
    title={Katalon Studio},
    note={  {https://www.katalon.com/katalon-studio/}},
}

@misc{topautobrowsers,
    note={  {https://medium.com/@briananderson2209/best-automation-testing-tools-for-2018-top-10-reviews-8a4a19f664d2}},
    title={Best Automation Testing Tools for 2018 (Top 10 reviews)},
    author={Brian Anderson},
    year={2017}
}

@inproceedings{chilowicz2009syntax,
  title={Syntax tree fingerprinting for source code similarity detection},
  author={Chilowicz, Michel and Duris, Etienne and Roussel, Gilles},
  booktitle={2009 IEEE 17th International Conference on Program Comprehension},
  pages={243--247},
  year={2009},
  organization={IEEE}
}

@misc{ecrimeexchange,
    title = {APWG and the eCrime Exchange: A Member Network Providing Collaborative Threat Data Sharing },
    author = {Foy Shiver},
    year = {2016},
    note = {  {https://www.first.org/resources/papers/valencia2017/shiver-foy_slides.pdf}}
}

@misc{eventlist,
    title={Event reference},
    note={  {https://developer.mozilla.org/en-US/docs/Web/Events}},
}

@article{hamming1950error,
  title={Error detecting and error correcting codes},
  author={Hamming, Richard W},
  journal={The Bell system technical journal},
  volume={29},
  number={2},
  pages={147--160},
  year={1950},
  publisher={Nokia Bell Labs}
}

@misc{openphish:webform, 
    title={{OpenPhish}}, 
    note="{https://openphish.com}"
}

@misc{phishtank:webform, 
    title={{PhishTank}}, 
    note="  {{https://phishtank.com}}", 
    publisher={OpenDNS}, 
    key={Phishtank}
}

@misc{PhishStats:webform, 
    title={{PhishStats}}, 
    note="  {{https://phishstats.info/}}", 
    key={PhishStats}
}

@misc{AlexaTop1M, 
    title={{Alexa Top Sites}}, 
    note="  {\url{http://s3.amazonaws.com/alexa-static/top-1m.csv.zip}}", 
}

@misc{reputation, 
    title={{IP \& Domain Reputation Center}},
    author={Cisco},
    note="  {\url{https://talosintelligence.com/reputation\_center}}", 
}

@misc{whois, 
    title={{A Python package for retrieving WHOIS information of domains.}},
    author={Danny Cork},
    note="  {\url{https://github.com/DannyCork/python-whois}}", 
}

@misc{phishunt, 
    title={{Exposing phishing kits seen from phishunt.io}},
    author={Phishunt},
    note="  {\url{https://github.com/danlopgom/phishing\_kits}}", 
}

@misc{topviewedsubdomains, 
    title={{Webrate.org - Rate the web}},
    author={WEBrate},
    note="  {\url{https://webrate.org/}}", 
}

@misc{honey, 
    title={{Honey: Automatically find and apply coupon codes when you shop online!}},
    author={Honey},
    note="  {\url{https://chrome.google.com/webstore/detail/honey/bmnlcjabgnpnenekpadlanbbkooimhnj}}", 
}

@misc{ZenMate, 
    title={{ZenMate Free VPN–Best VPN for Chrome
}},
    author={ZenMate},
    note="  {\url{https://chrome.google.com/webstore/detail/zenmate-free-vpn-best-vpn/fdcgdnkidjaadafnichfpabhfomcebme}}", 
}

@misc{exthouse, 
    title={{Exthouse:
Analyze the impact of a browser extension on web performance.
}},
    author={Treo},
    note="  {\url{https://github.com/treosh/exthouse}}", 
}

@misc{privacypolicy, 
    title={{\#1 Privacy Policy Generator - Privacy Policies
}},
    author={Privacy Policies},
    note="  {\url{https://www.privacypolicies.com/}}", 
}

@inproceedings{modi2016towards,
  title={Towards automated threat intelligence fusion},
  author={Modi, Ajay and Sun, Zhibo and Panwar, Anupam and Khairnar, Tejas and Zhao, Ziming and Doup{\'e}, Adam and Ahn, Gail-Joon and Black, Paul},
  booktitle={2016 IEEE 2nd International Conference on Collaboration and Internet Computing (CIC)},
  pages={408--416},
  year={2016},
  organization={IEEE}
}

@inproceedings{liang2016cracking,
  title={Cracking classifiers for evasion: a case study on the google's phishing pages filter},
  author={Liang, Bin and Su, Miaoqiang and You, Wei and Shi, Wenchang and Yang, Gang},
  booktitle={Proceedings of the 25th International Conference on World Wide Web},
  pages={345--356},
  year={2016}
}

@inproceedings{snyder2017most,
  title={Most websites don't need to vibrate: A cost-benefit approach to improving browser security},
  author={Snyder, Peter and Taylor, Cynthia and Kanich, Chris},
  booktitle={Proceedings of the 2017 ACM SIGSAC Conference on Computer and Communications Security},
  pages={179--194},
  year={2017}
}

@inproceedings{trickel2019everyone,
  title={Everyone is different: Client-side diversification for defending against extension fingerprinting},
  author={Trickel, Erik and Starov, Oleksii and Kapravelos, Alexandros and Nikiforakis, Nick and Doup{\'e}, Adam},
  booktitle={28th $\{$USENIX$\}$ Security Symposium ($\{$USENIX$\}$ Security 19)},
  pages={1679--1696},
  year={2019}
}

@inproceedings{lin2021phishpedia,
  title={Phishpedia: A Hybrid Deep Learning Based Approach to Visually Identify Phishing Webpages},
  author={Lin, Yun and Liu, Ruofan and Divakaran, Dinil Mon and Ng, Jun Yang and Chan, Qing Zhou and Lu, Yiwen and Si, Yuxuan and Zhang, Fan and Dong, Jin Song},
  booktitle={30th $\{$USENIX$\}$ Security Symposium ($\{$USENIX$\}$ Security 21)},
  year={2021}
}
%%%%%%%%%%%%
